
%% Metodolog√≠a PRISMA
@article{moher2009preferred,
  title     = {Preferred reporting items for systematic reviews and meta-analyses: the PRISMA statement},
  author    = {Moher, David and Liberati, Alessandro and Tetzlaff, Jennifer and Altman, Douglas G and PRISMA Group*},
  journal   = {Annals of internal medicine},
  volume    = {151},
  number    = {4},
  pages     = {264--269},
  year      = {2009},
  publisher = {American College of Physicians}
}

@article{han2023survey,
  title     = {A survey of machine learning and deep learning in remote sensing of geological environment: Challenges, advances, and opportunities},
  author    = {Han, Wei and Zhang, Xiaohan and Wang, Yi and Wang, Lizhe and Huang, Xiaohui and Li, Jun and Wang, Sheng and Chen, Weitao and Li, Xianju and Feng, Ruyi and others},
  journal   = {ISPRS Journal of Photogrammetry and Remote Sensing},
  volume    = {202},
  pages     = {87--113},
  year      = {2023},
  publisher = {Elsevier}
}
@article{zhu2017deep,
  title     = {Deep learning in remote sensing: A comprehensive review and list of resources},
  author    = {Zhu, Xiao Xiang and Tuia, Devis and Mou, Lichao and Xia, Gui-Song and Zhang, Liangpei and Xu, Feng and Fraundorfer, Friedrich},
  journal   = {IEEE geoscience and remote sensing magazine},
  volume    = {5},
  number    = {4},
  pages     = {8--36},
  year      = {2017},
  publisher = {IEEE}
}
@article{khelifi2020deep,
  title     = {Deep learning for change detection in remote sensing images: Comprehensive review and meta-analysis},
  author    = {Khelifi, Lazhar and Mignotte, Max},
  journal   = {Ieee Access},
  volume    = {8},
  pages     = {126385--126400},
  year      = {2020},
  publisher = {IEEE}
}
@article{bo2021ship,
  title     = {Ship detection and classification from optical remote sensing images: A survey},
  author    = {Bo, LI and Xiaoyang, XIE and Xingxing, WEI and Wenting, TANG},
  journal   = {Chinese Journal of Aeronautics},
  volume    = {34},
  number    = {3},
  pages     = {145--163},
  year      = {2021},
  publisher = {Elsevier}
}
@article{er2023ship,
  title     = {Ship detection with deep learning: a survey},
  author    = {Er, Meng Joo and Zhang, Yani and Chen, Jie and Gao, Wenxiao},
  journal   = {Artificial Intelligence Review},
  pages     = {1--41},
  year      = {2023},
  publisher = {Springer}
}
@article{yasir2023ship,
  title     = {Ship detection based on deep learning using SAR imagery: a systematic literature review},
  author    = {Yasir, Muhammad and Jianhua, Wan and Mingming, Xu and Hui, Sheng and Zhe, Zeng and Shanwei, Liu and Colak, Arife Tugsan Isiacik and Hossain, Md Sakaouth},
  journal   = {Soft Computing},
  volume    = {27},
  number    = {1},
  pages     = {63--84},
  year      = {2023},
  publisher = {Springer}
}@article{belgiu2016random,
  title     = {Random forest in remote sensing: A review of applications and future directions},
  author    = {Belgiu, Mariana and Dr{\u{a}}gu{\c{t}}, Lucian},
  journal   = {ISPRS journal of photogrammetry and remote sensing},
  volume    = {114},
  pages     = {24--31},
  year      = {2016},
  publisher = {Elsevier}
}@article{mountrakis2011support,
  title     = {Support vector machines in remote sensing: A review},
  author    = {Mountrakis, Giorgos and Im, Jungho and Ogole, Caesar},
  journal   = {ISPRS journal of photogrammetry and remote sensing},
  volume    = {66},
  number    = {3},
  pages     = {247--259},
  year      = {2011},
  publisher = {Elsevier}
}
@article{kaushik2019development,
  title     = {Development of glacier mapping in Indian Himalaya: A review of approaches},
  author    = {Kaushik, Saurabh and Joshi, PK and Singh, Tejpal},
  journal   = {International Journal of Remote Sensing},
  volume    = {40},
  number    = {17},
  pages     = {6607--6634},
  year      = {2019},
  publisher = {Taylor \& Francis}
}
@article{liu2021review,
  title     = {A review of deep learning for cryospheric studies},
  author    = {Liu, Lin},
  journal   = {Deep Learning for the Earth Sciences: A Comprehensive Approach to Remote Sensing, Climate Science, and Geosciences},
  pages     = {258--268},
  year      = {2021},
  publisher = {Wiley Online Library}
}
@article{bhardwaj2022applications,
  title     = {Applications of Remote Sensing in Glaciology},
  author    = {Bhardwaj, Anshuman and Sam, Lydia},
  journal   = {Remote Sensing},
  volume    = {14},
  number    = {17},
  pages     = {4146},
  year      = {2022},
  publisher = {MDPI}
}
@book{wohlin2012experimentation,
  title     = {Experimentation in software engineering},
  author    = {Wohlin, Claes and Runeson, Per and H{\"o}st, Martin and Ohlsson, Magnus C and Regnell, Bj{\"o}rn and Wessl{\'e}n, Anders},
  year      = {2012},
  publisher = {Springer Science \& Business Media}
}
@article{buckley2005towards,
  title     = {Towards a taxonomy of software change},
  author    = {Buckley, Jim and Mens, Tom and Zenger, Matthias and Rashid, Awais and Kniesel, G{\"u}nter},
  journal   = {Journal of Software Maintenance and Evolution: Research and Practice},
  volume    = {17},
  number    = {5},
  pages     = {309--332},
  year      = {2005},
  publisher = {Wiley Online Library}
}
@article{kumar2020lake,
  title     = {Lake inventory and evolution of glacial lakes in the Nubra-Shyok basin of Karakoram Range},
  author    = {Kumar, Rajesh and Bahuguna, IM and Ali, S Nawaz and Singh, Rupendra},
  journal   = {Earth Systems and Environment},
  volume    = {4},
  number    = {1},
  pages     = {57--70},
  year      = {2020},
  publisher = {Springer}
}
@article{intsiful2020glacier,
  title     = {Glacier Cover Change Assessment of the Columbia Icefield in the Canadian Rocky Mountains, Canada (1985--2018)},
  author    = {Intsiful, Adjoa and Ambinakudige, Shrinidhi},
  journal   = {Geosciences},
  volume    = {11},
  number    = {1},
  pages     = {19},
  year      = {2020},
  publisher = {MDPI}
}
@article{wang2021current,
  title     = {Current Status and Variation since 1964 of the Glaciers around the Ebi Lake Basin in the Warming Climate},
  author    = {Wang, Lin and Bai, Changbin and Ming, Jing},
  journal   = {Remote Sensing},
  volume    = {13},
  number    = {3},
  pages     = {497},
  year      = {2021},
  publisher = {MDPI}
}
@article{bourquin2022microbiome,
  title     = {The microbiome of cryospheric ecosystems},
  author    = {Bourquin, Massimo and Busi, Susheel Bhanu and Fodelianakis, Stilianos and Peter, Hannes and Washburne, Alex and Kohler, Tyler J and Ezzat, Le{\"\i}la and Michoud, Gr{\'e}goire and Wilmes, Paul and Battin, Tom J},
  journal   = {Nature Communications},
  volume    = {13},
  number    = {1},
  pages     = {1--9},
  year      = {2022},
  publisher = {Nature Publishing Group}
}
@article{dematteis2021ten,
  title     = {Ten-Year Monitoring of the Grandes Jorasses Glaciers Kinematics. Limits, Potentialities, and Possible Applications of Different Monitoring Systems},
  author    = {Dematteis, Niccol{\`o} and Giordan, Daniele and Troilo, Fabrizio and Wrzesniak, Aleksandra and Godone, Danilo},
  journal   = {Remote Sensing},
  volume    = {13},
  number    = {15},
  pages     = {3005},
  year      = {2021},
  publisher = {MDPI}
}
@article{groh2019rock,
  title     = {Rock Glacier Kinematics in the Kaunertal, {\"O}tztal Alps, Austria},
  author    = {Groh, Till and Bl{\"o}the, Jan Henrik},
  journal   = {Geosciences},
  volume    = {9},
  number    = {9},
  pages     = {373},
  year      = {2019},
  publisher = {MDPI}
}
@article{weih2010object,
  title     = {Object-based classification vs. pixel-based classification: Comparative importance of multi-resolution imagery},
  author    = {Weih, Robert C and Riggan, Norman D},
  journal   = {The International Archives of the Photogrammetry, Remote Sensing and Spatial Information Sciences},
  volume    = {38},
  number    = {4},
  pages     = {C7},
  year      = {2010},
  publisher = {Copernicus Publications Ghent, Belgium}
}
@article{sookhan2021lidar,
  title     = {LiDAR-based quantitative assessment of drumlin to mega-scale glacial lineation continuums and flow of the paleo Seneca-Cayuga paleo-ice stream},
  author    = {Sookhan, Shane and Eyles, Nick and Bukhari, Syed and Paulen, Roger C},
  journal   = {Quaternary Science Reviews},
  volume    = {263},
  pages     = {107003},
  year      = {2021},
  publisher = {Elsevier}
}

@article{10.1109/multi-temp.2017.8035233,
  author  = {Callegari, M. and Marin, C. and Notarnicola, C.},
  title   = {Multi-temporal and Multi-source Alpine Glacier Cover Classification},
  journal = {2017 9th International Workshop on the Analysis of Multitemporal Remote Sensing Images (MultiTemp)},
  year    = {2017},
  doi     = {10.1109/multi-temp.2017.8035233}
}
@article{10.5194/isprs-annals-v-3-2020-417-2020,
  author  = {Xie, F. and Liu, S. and Gao, Y. and Zhu, Y. S. and Wu, K. and Qi, M. and Duan, S. and Tahir, A. M.},
  title   = {Derivation Of Supraglacial Debris Cover By Machine Learning Algorithms On the Gee Platform: A Case Study Of Glaciers In The Hunza Valley},
  journal = {ISPRS Annals of the Photogrammetry, Remote Sensing and Spatial Information Sciences},
  year    = {2020},
  volume  = {V-3-2020},
  pages   = {417-424},
  doi     = {10.5194/isprs-annals-v-3-2020-417-2020}
}


%% SituacionProblematica
@article{ali2023intimidating,
  title     = {Intimidating evidences of climate change from the higher Himalaya: A case study from Lahaul, Himachal Pradesh, India},
  author    = {Ali, Sheikh Nawaz and Pandey, Pratima and Singh, Priyanka and Mishra, Shubham and Shekhar, Mayank and Misra, Krishna G and Morthekai, P},
  journal   = {Journal of the Indian Society of Remote Sensing},
  pages     = {1--14},
  year      = {2023},
  publisher = {Springer}
}
@article{rounce2023global,
  title     = {Global glacier change in the 21st century: Every increase in temperature matters},
  author    = {Rounce, David R and Hock, Regine and Maussion, Fabien and Hugonnet, Romain and Kochtitzky, William and Huss, Matthias and Berthier, Etienne and Brinkerhoff, Douglas and Compagno, Loris and Copland, Luke and others},
  journal   = {Science},
  volume    = {379},
  number    = {6627},
  pages     = {78--83},
  year      = {2023},
  publisher = {American Association for the Advancement of Science}
}
@article{clague2023impacts,
  title     = {Impacts of Loss of Cryosphere in the High Mountains of Northwest North America},
  author    = {Clague, John J and Shugar, Dan H},
  journal   = {Quaternary},
  volume    = {6},
  number    = {1},
  pages     = {1},
  year      = {2023},
  publisher = {MDPI}
}
@article{mark2017glacier,
  title     = {Glacier loss and hydro-social risks in the Peruvian Andes},
  author    = {Mark, Bryan G and French, Adam and Baraer, Michel and Carey, Mark and Bury, Jeffrey and Young, Kenneth R and Polk, Molly H and Wigmore, Oliver and Lagos, Pablo and Crumley, Ryan and others},
  journal   = {Global and Planetary Change},
  volume    = {159},
  pages     = {61--76},
  year      = {2017},
  publisher = {Elsevier}
}
@article{rasul2019global,
  title     = {The global social and economic consequences of mountain cryospheric change},
  author    = {Rasul, Golam and Molden, David},
  journal   = {Frontiers in Environmental Science},
  volume    = {7},
  pages     = {91},
  year      = {2019},
  publisher = {Frontiers Media SA}
}
@article{palomo2017climate,
  title     = {Climate change impacts on ecosystem services in high mountain areas: a literature review},
  author    = {Palomo, Ignacio},
  journal   = {Mountain Research and Development},
  volume    = {37},
  number    = {2},
  pages     = {179--187},
  year      = {2017},
  publisher = {BioOne}
}
@article{dussaillant2019two,
  title     = {Two decades of glacier mass loss along the Andes},
  author    = {Dussaillant, In{\'e}s and Berthier, Etienne and Brun, Fanny and Masiokas, Mariano and Hugonnet, Romain and Favier, Vincent and Rabatel, Antoine and Pitte, Pierre and Ruiz, Lucas},
  journal   = {Nature Geoscience},
  volume    = {12},
  number    = {10},
  pages     = {802--808},
  year      = {2019},
  publisher = {Nature Publishing Group UK London}
}

@article{nie2021glacial,
  title     = {Glacial change and hydrological implications in the Himalaya and Karakoram},
  author    = {Nie, Yong and Pritchard, Hamish D and Liu, Qiao and Hennig, Thomas and Wang, Wenling and Wang, Xiaoming and Liu, Shiyin and Nepal, Santosh and Samyn, Denis and Hewitt, Kenneth and others},
  journal   = {Nature reviews earth \& environment},
  volume    = {2},
  number    = {2},
  pages     = {91--106},
  year      = {2021},
  publisher = {Nature Publishing Group UK London}
}
 @article{motschmann2020losses,
  title     = {Losses and damages connected to glacier retreat in the Cordillera Blanca, Peru},
  author    = {Motschmann, Alina and Huggel, Christian and Carey, Mark and Moulton, Holly and Walker-Crawford, Noah and Mu{\~n}oz, Randy},
  journal   = {Climatic Change},
  volume    = {162},
  pages     = {837--858},
  year      = {2020},
  publisher = {Springer}
}
@book{carvalho2022world,
  title       = {World Heritage Glaciers: Sentinels of Climate Change},
  author      = {Carvalho Resende, Tales and Stepanov, Mikhail and Bosson, Jean-Baptiste and Emslie-Smith, Matthew and Farinotti, Daniel and Hugonnet, Romain and Huss, Matthias and Berthier, Etienne},
  year        = {2022},
  institution = {ETH Zurich}
}
%% glaciares tropicales andes
@article{veettil2019global,
  title     = {Global disappearance of tropical mountain glaciers: observations, causes, and challenges},
  author    = {Veettil, Bijeesh Kozhikkodan and Kamp, Ulrich},
  journal   = {Geosciences},
  volume    = {9},
  number    = {5},
  pages     = {196},
  year      = {2019},
  publisher = {MDPI}
}
@article{vuille2018rapid,
  title     = {Rapid decline of snow and ice in the tropical Andes--Impacts, uncertainties and challenges ahead},
  author    = {Vuille, Mathias and Carey, Mark and Huggel, Christian and Buytaert, Wouter and Rabatel, Antoine and Jacobsen, Dean and Soruco, Alvaro and Villacis, Marcos and Yarleque, Christian and Timm, Oliver Elison and others},
  journal   = {Earth-science reviews},
  volume    = {176},
  pages     = {195--213},
  year      = {2018},
  publisher = {Elsevier}
}@book{johansen2019atlas,
  title     = {El Atlas de Glaciares y Aguas Andinos: el impacto del retroceso de los glaciares sobre los recursos h{\'\i}dricos},
  author    = {Johansen, Kari Synnove and Alfthan, Bj{\"o}rn and Baker, Elaine and Hesping, Malena and Schoolmeester, Tina and Verbist, Koen and others},
  year      = {2019},
  publisher = {UNESCO Publishing}
}

@article{zhang2019role,
  title     = {The role of debris cover in catchment runoff: A case study of the hailuogou catchment, south-eastern Tibetan plateau},
  author    = {Zhang, Yong and Liu, Shiyin and Liu, Qiao and Wang, Xin and Jiang, Zongli and Wei, Junfeng},
  journal   = {Water},
  volume    = {11},
  number    = {12},
  pages     = {2601},
  year      = {2019},
  publisher = {MDPI}
}
 

% imagenes
@article{janke2015classification,
  title     = {Classification of debris-covered glaciers and rock glaciers in the Andes of central Chile},
  author    = {Janke, Jason R and Bellisario, Antonio C and Ferrando, Francisco A},
  journal   = {Geomorphology},
  volume    = {241},
  pages     = {98--121},
  year      = {2015},
  publisher = {Elsevier}
}



%OBIA 

@article{rastner2013comparison,
  title     = {A comparison of pixel-and object-based glacier classification with optical satellite images},
  author    = {Rastner, Philipp and Bolch, Tobias and Notarnicola, Claudia and Paul, Frank},
  journal   = {IEEE Journal of Selected Topics in Applied Earth Observations and Remote Sensing},
  volume    = {7},
  number    = {3},
  pages     = {853--862},
  year      = {2013},
  publisher = {IEEE}
}

%% inventarios

@article{pfeffer2014randolph,
  title     = {The Randolph Glacier Inventory: a globally complete inventory of glaciers},
  author    = {Pfeffer, W Tad and Arendt, Anthony A and Bliss, Andrew and Bolch, Tobias and Cogley, J Graham and Gardner, Alex S and Hagen, Jon-Ove and Hock, Regine and Kaser, Georg and Kienholz, Christian and others},
  journal   = {Journal of glaciology},
  volume    = {60},
  number    = {221},
  pages     = {537--552},
  year      = {2014},
  publisher = {Cambridge University Press}
}
@article{zalazar2017glaciares,
  title     = {Glaciares de Argentina: resultados preliminares del Inventario Nacional de Glaciares},
  author    = {Zalazar, Laura Viviana and Ferri Hidalgo, Lidia and Castro, Mariano Agustin and Gargantini, Hern{\'a}n and Gim{\'e}nez, Melisa Mariel and Pitte, Pedro Miguel and Ruiz, Lucas Ernesto and Villalba, Ricardo},
  year      = {2017},
  publisher = {Instituto Nacional de Investigaciones en Glaciares y Ecosistemas de Monta{\~n}a}
}

@article{reinosch2021rock,
  title     = {Rock glacier inventory of the western Nyainq{\^e}ntanglha Range, Tibetan Plateau, supported by InSAR time series and automated classification},
  author    = {Reinosch, Eike and Gerke, Markus and Riedel, Bj{\"o}rn and Schwalb, Antje and Ye, Qinghua and Buckel, Johannes},
  journal   = {Permafrost and Periglacial Processes},
  volume    = {32},
  number    = {4},
  pages     = {657--672},
  year      = {2021},
  publisher = {Wiley Online Library}
}

@book{DGA2022,
  title     = {Metodolog√≠a del Inventario P√∫blico de Glaciares, SDT N¬∞447},
  author    = {{Direcci√≥n General de Aguas (DGA)}},
  year      = {2022},
  publisher = {Ministerio de Obras P√∫blicas, Unidad de Glaciolog√≠a y Nieves},
  note      = {Realizado por: Casassa, G., Espinoza, A., Segovia, A., Huenante, J.}
}

@book{inaigem2017manual,
  title     = {Manual Metodol√≥gico de Inventario Nacional de Glaciares},
  author    = {INAIGEM},
  year      = {2017},
  publisher = {Instituto Nacional de Investigaci√≥n en Glaciares y Ecosistemas de Monta√±a}
}

@book{inaigem2018inventario,
  title     = {Inventario Nacional de Glaciares: Las Cordilleras Glaciares del Per√∫},
  author    = {INAIGEM},
  year      = {2018},
  publisher = {Instituto Nacional de Investigaci√≥n en Glaciares y Ecosistemas de Monta√±a}
}

@article{hoeser2020object2,
  title     = {Object detection and image segmentation with deep learning on Earth observation data: A review‚ÄîPart II: Applications},
  author    = {Hoeser, Thorsten and Bachofer, Felix and Kuenzer, Claudia},
  journal   = {Remote Sensing},
  volume    = {12},
  number    = {18},
  pages     = {3053},
  year      = {2020},
  publisher = {MDPI}
}

@article{manterola2013revisiones,
  title     = {Revisiones sistem{\'a}ticas de la literatura. Qu{\'e} se debe saber acerca de ellas},
  author    = {Manterola, Carlos and Astudillo, Paula and Arias, Esteban and Claros, Nataniel and MINCIR, Grupo},
  journal   = {Cirug{\'\i}a espa{\~n}ola},
  volume    = {91},
  number    = {3},
  pages     = {149--155},
  year      = {2013},
  publisher = {Elsevier}
}

@article{aromataris2014systematic,
  title     = {The systematic review: an overview},
  author    = {Aromataris, Edoardo and Pearson, Alan},
  journal   = {AJN The American Journal of Nursing},
  volume    = {114},
  number    = {3},
  pages     = {53--58},
  year      = {2014},
  publisher = {LWW}
}

@article{carrera2022context,
  title     = {Context-awareness for the design of Smart-product service systems: Literature review},
  author    = {Carrera-Rivera, Angela and Larrinaga, Felix and Lasa, Ganix},
  journal   = {Computers in Industry},
  volume    = {142},
  pages     = {103730},
  year      = {2022},
  publisher = {Elsevier}
}

@article{2007Kitchenham,
  author  = {Kitchenham, Barbara and Charters, Stuart},
  year    = {2007},
  month   = {01},
  pages   = {},
  title   = {Guidelines for performing Systematic Literature Reviews in Software Engineering},
  volume  = {2},
  journal = {Technical Report EBSE 2007-001}
}

@article{2019Bajaj,
  author  = {Bajaj, Anu and Sangwan, Om},
  year    = {2019},
  month   = {08},
  pages   = {1-1},
  title   = {A Systematic Literature Review of Test Case Prioritization Using Genetic Algorithms},
  volume  = {PP},
  journal = {IEEE Access},
  doi     = {10.1109/ACCESS.2019.2938260}
}

@article{carrera2022conduct,
  title     = {How-to conduct a systematic literature review: A quick guide for computer science research},
  author    = {Carrera-Rivera, Angela and Ochoa-Agurto, William and Larrinaga, Felix and Lasa, Ganix},
  journal   = {MethodsX},
  pages     = {101895},
  year      = {2022},
  publisher = {Elsevier}
}

%% Marco te√≥rico  %%

%% Interesante
@misc{rivera2017manual,
  title     = {Manual Balance de masa glaciar.},
  author    = {Rivera, Andr{\'e}s and Bown Gonz{\'a}lez, Francisca and Napoleoni, Felipe and Mu{\~n}oz, Camilo and Vuille, Mathias and others},
  year      = {2017},
  publisher = {Centro de Estudios Cient{\'\i}ficos, CECs}
}

@book{benn2010glaciers,
  title     = {Glaciers \& glaciation},
  author    = {Benn, Douglas I and Evans, David JA},
  year      = {2010},
  publisher = {Routledge}
}

@book{houghton2001climate,
  title     = {Climate change 2001: the scientific basis: contribution of Working Group I to the third assessment report of the Intergovernmental Panel on Climate Change},
  author    = {Houghton, John Theodore and Ding, YDJG and Griggs, David J and Noguer, Maria and van der Linden, Paul J and Dai, Xiaosu and Maskell, Kathy and Johnson, CA},
  year      = {2001},
  publisher = {Cambridge university press}
}

@book{kargel2014global,
  title     = {Global land ice measurements from space},
  author    = {Kargel, Jeffrey S and Leonard, Gregory J and Bishop, Michael P and K{\"a}{\"a}b, Andreas and Raup, Bruce H},
  year      = {2014},
  publisher = {Springer}
}

@article{bishop2004global,
  title     = {Global Land Ice Measurements from Space (GLIMS): remote sensing and GIS investigations of the Earth's cryosphere},
  author    = {Bishop, Michael P and Olsenholler, Jeffrey A and Shroder, John F and Barry, Roger G and Raup, Bruce H and Bush, Andrew BG and Copland, Luke and Dwyer, John L and Fountain, Andrew G and Haeberli, Wilfried and others},
  journal   = {Geocarto International},
  volume    = {19},
  number    = {2},
  pages     = {57--84},
  year      = {2004},
  publisher = {Taylor \& Francis}
}

@book{chuvieco2016fundamentals,
  title     = {Fundamentals of satellite remote sensing: An environmental approach},
  author    = {Chuvieco, Emilio},
  year      = {2016},
  publisher = {CRC press}
}


%%%%%%%%%%%%%%%%%%%%%%%%%%%%%%%%%%%%%%%%%%%%%%%%%%%%%%%%%%%%%%%%
% PAPERS
%%%%%%%%%%%%%%%%%%%%%%%%%%%%%%%%%%%%%%%%%%%%%%%%%%%%%%%%%%%%%%%%

%% 1 - A Hybrid CNN + Random Forest Approach to Delineate Debris Covered Glaciers Using Deep Features
@article{nijhawan2018hybrid,
  title     = {A hybrid CNN+ random forest approach to delineate debris covered glaciers using deep features},
  author    = {Nijhawan, Rahul and Das, Josodhir and Balasubramanian, Raman},
  journal   = {Journal of the Indian Society of Remote Sensing},
  volume    = {46},
  pages     = {981--989},
  year      = {2018},
  publisher = {Springer}
}

%% A hybrid machine learning technique for feature optimization in object-based classification of debris-covered glaciers
@article{sharda2022hybrid,
  title     = {A hybrid machine learning technique for feature optimization in object-based classification of debris-covered glaciers},
  author    = {Sharda, Shikha and Srivastava, Mohit and Gusain, Hemendra Singh and Sharma, Naveen Kumar and Bhatia, Kamaljit Singh and Bajaj, Mohit and Kaur, Harsimrat and Zawbaa, Hossam M and Kamel, Salah},
  journal   = {Ain Shams Engineering Journal},
  volume    = {13},
  number    = {6},
  pages     = {101809},
  year      = {2022},
  publisher = {Elsevier}
}

%% A New Automatic Extraction Method for Glaciers on the Tibetan Plateau under Clouds, Shadows and Snow Cover
@article{hu2022new,
  title     = {A new automatic extraction method for glaciers on the Tibetan Plateau under clouds, shadows and snow cover},
  author    = {Hu, Mingcheng and Zhou, Guangsheng and Lv, Xiaomin and Zhou, Li and He, Xiaohui and Tian, Zhihui},
  journal   = {Remote Sensing},
  volume    = {14},
  number    = {13},
  pages     = {3084},
  year      = {2022},
  publisher = {MDPI}
}

%% A Progressive Learning Strategy for Large-Scale Glacier Mapping
@article{xie2022progressive,
  title     = {A Progressive Learning Strategy for Large-Scale Glacier Mapping},
  author    = {Xie, Zhiyuan and Haritashya, Umesh K and Asari, Vijayan K},
  journal   = {IEEE Access},
  volume    = {10},
  pages     = {72615--72627},
  year      = {2022},
  publisher = {IEEE}
}

%% An automated, generalized, deep-learning-based method for delineating the calving fronts of Greenland glaciers from multi-sensor remote sensing imagery
@article{zhang2021automated,
  title     = {An automated, generalized, deep-learning-based method for delineating the calving fronts of Greenland glaciers from multi-sensor remote sensing imagery},
  author    = {Zhang, Enze and Liu, Lin and Huang, Lingcao and Ng, Ka Shing},
  journal   = {Remote Sensing of Environment},
  volume    = {254},
  pages     = {112265},
  year      = {2021},
  publisher = {Elsevier}
}

%% Automated detection of rock glaciers using deep learning and object-based image analysis
@article{robson2020automated,
  title     = {Automated detection of rock glaciers using deep learning and object-based image analysis},
  author    = {Robson, Benjamin Aubrey and Bolch, Tobias and MacDonell, Shelley and H{\"o}lbling, Daniel and Rastner, Philipp and Schaffer, Nicole},
  journal   = {Remote sensing of environment},
  volume    = {250},
  pages     = {112033},
  year      = {2020},
  publisher = {Elsevier}
}

%% Automated Extraction of Antarctic Glacier and Ice Shelf Fronts from Sentinel-1 Imagery Using Deep Learning
@article{baumhoer2019automated,
  title     = {Automated extraction of antarctic glacier and ice shelf fronts from sentinel-1 imagery using deep learning},
  author    = {Baumhoer, Celia A and Dietz, Andreas J and Kneisel, Christof and Kuenzer, Claudia},
  journal   = {Remote Sensing},
  volume    = {11},
  number    = {21},
  pages     = {2529},
  year      = {2019},
  publisher = {MDPI}
}

%% Automatic Classification of Glaciers from Sentinel-2 Imagery Using A Novel Deep Learning Model
@inproceedings{yan2020automatic,
  title     = {Automatic Classification of Glaciers from Sentinel-2 Imagery Using A Novel Deep Learning Model},
  author    = {Yan, Shuai and Xu, Linlin and Wu, Rui},
  booktitle = {Proceedings of the 2019 3rd International Conference on Advances in Image Processing},
  pages     = {155--159},
  year      = {2020}
}

%% Automatic delineation of glacier grounding lines in differential interferometric synthetic-aperture radar data using deep learning
@article{mohajerani2021automatic,
  title     = {Automatic delineation of glacier grounding lines in differential interferometric synthetic-aperture radar data using deep learning},
  author    = {Mohajerani, Yara and Jeong, Seongsu and Scheuchl, Bernd and Velicogna, Isabella and Rignot, Eric and Milillo, Pietro},
  journal   = {Scientific reports},
  volume    = {11},
  number    = {1},
  pages     = {4992},
  year      = {2021},
  publisher = {Nature Publishing Group UK London}
}

%% 10 - Bayesian U-Net for Segmenting Glaciers in SAR Imagery
@inproceedings{hartmann2021bayesian,
  title        = {Bayesian U-Net for Segmenting Glaciers in SAR Imagery},
  author       = {Hartmann, Andreas and Davari, Amirabbas and Seehaus, Thorsten and Braun, Matthias and Maier, Andreas and Christlein, Vincent},
  booktitle    = {2021 IEEE International Geoscience and Remote Sensing Symposium IGARSS},
  pages        = {3479--3482},
  year         = {2021},
  organization = {IEEE}
}

%% Calving Front Machine (CALFIN): glacial termini dataset and automated deep learning extraction method for Greenland, 1972‚Äì2019
@article{cheng2021calving,
  title     = {Calving Front Machine (CALFIN): glacial termini dataset and automated deep learning extraction method for Greenland, 1972--2019},
  author    = {Cheng, Daniel and Hayes, Wayne and Larour, Eric and Mohajerani, Yara and Wood, Michael and Velicogna, Isabella and Rignot, Eric},
  journal   = {The Cryosphere},
  volume    = {15},
  number    = {3},
  pages     = {1663--1675},
  year      = {2021},
  publisher = {Copernicus GmbH}
}

%% Combined Use of Sentinel-1 and Sentinel-2 for Glacier Mapping: An Application Over Central East Alps
@article{barella2022combined,
  title     = {Combined Use of Sentinel-1 and Sentinel-2 for Glacier Mapping: An Application Over Central East Alps},
  author    = {Barella, Riccardo and Callegari, Mattia and Marin, Carlo and Klug, Christoph and Sailer, Rudolf and Galos, Stephan P and Dinale, Roberto and Gianinetto, Marco and Notarnicola, Claudia},
  journal   = {IEEE Journal of Selected Topics in Applied Earth Observations and Remote Sensing},
  volume    = {15},
  pages     = {4824--4834},
  year      = {2022},
  publisher = {IEEE}
}

%% Deep learning-based framework for monitoring of debris-covered glacier from remotely sensed images
@article{khan2022deep,
  title     = {Deep learning-based framework for monitoring of debris-covered glacier from remotely sensed images},
  author    = {Khan, Aftab Ahmed and Jamil, Akhtar and Hussain, Dostdar and Ali, Imran and Hameed, Alaa Ali},
  journal   = {Advances in Space Research},
  year      = {2022},
  publisher = {Elsevier}
}

%% Derivation of supraglacial debris cover by machine learning algorithms on the gee platform: A case study of glaciers in the Hunza valley
@article{xie2020derivation,
  title     = {Derivation of supraglacial debris cover by machine learning algorithms on the gee platform: A case study of glaciers in the Hunza valley},
  author    = {Xie, F and Liu, S and Gao, Y and Zhu, Y and Wu, K and Qi, M and Duan, S and Tahir, AM},
  journal   = {ISPRS Annals of the Photogrammetry, Remote Sensing and Spatial Information Sciences},
  volume    = {3},
  pages     = {417--424},
  year      = {2020},
  publisher = {Copernicus GmbH}
}

%% Detection of glacier calving margins with convolutional neural networks: A case study
@article{mohajerani2019detection,
  title     = {Detection of glacier calving margins with convolutional neural networks: A case study},
  author    = {Mohajerani, Yara and Wood, Michael and Velicogna, Isabella and Rignot, Eric},
  journal   = {Remote Sensing},
  volume    = {11},
  number    = {1},
  pages     = {74},
  year      = {2019},
  publisher = {MDPI}
}

%% Discriminative features based on two layers sparse learning for glacier area classification using SAR intensity imagery
@article{fang2017discriminative,
  title     = {Discriminative features based on two layers sparse learning for glacier area classification using SAR intensity imagery},
  author    = {Fang, Li and Wei, Xian and Yao, Wei and Xu, Yusheng and Stilla, Uwe},
  journal   = {IEEE Journal of Selected Topics in Applied Earth Observations and Remote Sensing},
  volume    = {10},
  number    = {7},
  pages     = {3200--3212},
  year      = {2017},
  publisher = {IEEE}
}

%% Estimation of area and volume change in the glaciers of the Columbia Icefield, Canada using machine learning algorithms and Landsat images
@article{ambinakudige2022estimation,
  title     = {Estimation of area and volume change in the glaciers of the Columbia Icefield, Canada using machine learning algorithms and Landsat images},
  author    = {Ambinakudige, Shrinidhi and Intsiful, Adjoa},
  journal   = {Remote Sensing Applications: Society and Environment},
  volume    = {26},
  pages     = {100732},
  year      = {2022},
  publisher = {Elsevier}
}

%% Estimation of snow cover area, snow physical properties and glacier classification in parts of Western Himalayas using C-Band SAR Data
@article{thakur2017estimation,
  title     = {Estimation of snow cover area, snow physical properties and glacier classification in parts of Western Himalayas using C-Band SAR Data},
  author    = {Thakur, Praveen K and Aggarwal, SP and Arun, G and Sood, Sahil and Senthil Kumar, A and Mani, Sneh and Dobhal, DP},
  journal   = {Journal of the Indian Society of Remote Sensing},
  volume    = {45},
  pages     = {525--539},
  year      = {2017},
  publisher = {Springer}
}

%% Evaluating deep-learning models for debris-covered glacier mapping
@article{xie2021evaluating,
  title     = {Evaluating deep-learning models for debris-covered glacier mapping},
  author    = {Xie, Zhiyuan and Asari, Vijayan K and Haritashya, Umesh K},
  journal   = {Applied Computing and Geosciences},
  volume    = {12},
  pages     = {100071},
  year      = {2021},
  publisher = {Elsevier}
}

%% 20 - Glacier Area Monitoring Based on Deep Learning and Multi-sources Data
@inproceedings{wang2020glacier,
  title        = {Glacier Area Monitoring Based on Deep Learning and Multi-sources Data},
  author       = {Wang, Guang and Liu, Yue and Shen, Huifang and Zhou, Shudong and Liu, Jinzhou and Sun, Hegao and Tao, Yan},
  booktitle    = {The 10th International Conference on Computer Engineering and Networks},
  pages        = {409--418},
  year         = {2020},
  organization = {Springer}
}

%% Glacier Calving Front Segmentation Using Attention U-Net
@inproceedings{holzmann2021glacier,
  title        = {Glacier calving front segmentation using attention u-net},
  author       = {Holzmann, Michael and Davari, Amirabbas and Seehaus, Thorsten and Braun, Matthias and Maier, Andreas and Christlein, Vincent},
  booktitle    = {2021 IEEE International Geoscience and Remote Sensing Symposium IGARSS},
  pages        = {3483--3486},
  year         = {2021},
  organization = {IEEE}
}

%% Glacier classification from Sentinel-2 imagery using spatial-spectral attention convolutional model
@article{yan2021glacier,
  title     = {Glacier classification from Sentinel-2 imagery using spatial-spectral attention convolutional model},
  author    = {Yan, Shuai and Xu, Linlin and Yu, Guojiang and Yang, Longshan and Yun, Wenju and Zhu, Dehai and Ye, Sijing and Yao, Xiaochuang},
  journal   = {International Journal of Applied Earth Observation and Geoinformation},
  volume    = {102},
  pages     = {102445},
  year      = {2021},
  publisher = {Elsevier}
}

%% Glacier facies mapping using a machine-learning algorithm: The Parlung Zangbo Basin case study
@article{zhang2019glacier,
  title     = {Glacier facies mapping using a machine-learning algorithm: The Parlung Zangbo Basin case study},
  author    = {Zhang, Jingxiao and Jia, Li and Menenti, Massimo and Hu, Guangcheng},
  journal   = {Remote Sensing},
  volume    = {11},
  number    = {4},
  pages     = {452},
  year      = {2019},
  publisher = {MDPI}
}

%% Glacier Identification from Landsat8 Oli Imagery Using Deep U-Net}
@article{he2020glacier,
  title     = {Glacier Identification from Landsat8 Oli Imagery Using Deep U-Net},
  author    = {He, Q and Zhang, Z and Ma, G and Wu, J},
  journal   = {ISPRS Annals of the Photogrammetry, Remote Sensing and Spatial Information Sciences},
  volume    = {3},
  pages     = {381--386},
  year      = {2020},
  publisher = {Copernicus GmbH}
}

%% Glacier Mapping Based on Random Forest Algorithm: A Case Study over the Eastern Pamir
@article{lu2020glacier,
  title     = {Glacier Mapping Based on Random Forest Algorithm: A Case Study over the Eastern Pamir},
  author    = {Lu, Yijie and Zhang, Zhen and Huang, Danni},
  journal   = {Water},
  volume    = {12},
  number    = {11},
  pages     = {3231},
  year      = {2020},
  publisher = {MDPI}
}

%% Glacier Monitoring Based on Multi-Spectral and Multi-Temporal Satellite Data: A Case Study for Classification with Respect to Different Snow and Ice Types
@article{florath2022glacier,
  title     = {Glacier Monitoring Based on Multi-Spectral and Multi-Temporal Satellite Data: A Case Study for Classification with Respect to Different Snow and Ice Types},
  author    = {Florath, Janine and Keller, Sina and Abarca-del-Rio, Rodrigo and Hinz, Stefan and Staub, Guido and Weinmann, Martin},
  journal   = {Remote Sensing},
  volume    = {14},
  number    = {4},
  pages     = {845},
  year      = {2022},
  publisher = {MDPI}
}

%% GlacierNet: A Deep-Learning Approach for Debris-Covered Glacier Mapping
@article{xie2020glaciernet,
  title     = {GlacierNet: a deep-learning approach for debris-covered glacier mapping},
  author    = {Xie, Zhiyuan and Haritashya, Umesh K and Asari, Vijayan K and Young, Brennan W and Bishop, Michael P and Kargel, Jeffrey S},
  journal   = {IEEE Access},
  volume    = {8},
  pages     = {83495--83510},
  year      = {2020},
  publisher = {IEEE}
}

%% GlacierNet2: A hybrid Multi-Model learning architecture for alpine glacier mapping
@article{xie2022glaciernet2,
  title     = {GlacierNet2: A hybrid Multi-Model learning architecture for alpine glacier mapping},
  author    = {Xie, Zhiyuan and Haritashya, Umesh K and Asari, Vijayan K and Bishop, Michael P and Kargel, Jeffrey S and Aspiras, Theus H},
  journal   = {International Journal of Applied Earth Observation and Geoinformation},
  volume    = {112},
  pages     = {102921},
  year      = {2022},
  publisher = {Elsevier}
}

%% How to Get the Most Out of U-Net for Glacier Calving Front Segmentation
@article{periyasamy2022get,
  title     = {How to Get the Most Out of U-Net for Glacier Calving Front Segmentation},
  author    = {Periyasamy, Maniraman and Davari, Amirabbas and Seehaus, Thorsten and Braun, Matthias and Maier, Andreas and Christlein, Vincent},
  journal   = {IEEE Journal of Selected Topics in Applied Earth Observations and Remote Sensing},
  volume    = {15},
  pages     = {1712--1723},
  year      = {2022},
  publisher = {IEEE}
}

%% Image classification of marine-terminating outlet glaciers in Greenland using deep learning methods
@article{marochov2021image,
  title     = {Image classification of marine-terminating outlet glaciers in Greenland using deep learning methods},
  author    = {Marochov, Melanie and Stokes, Chris R and Carbonneau, Patrice E},
  journal   = {The Cryosphere},
  volume    = {15},
  number    = {11},
  pages     = {5041--5059},
  year      = {2021},
  publisher = {Copernicus GmbH}
}
%% Landsat image glacier extraction based on context semantic segmentation network
@article{zhongwu2020landsat,
  title   = {Landsat image glacier extraction based on context semantic segmentation network},
  author  = {Zhongwu, WANG and Zhipan, WANG and Shucheng, YOU and Fan, LEI and Li, CAO and Kaijun, YANG},
  journal = {Acta Geodaetica et Cartographica Sinica},
  volume  = {49},
  number  = {12},
  pages   = {1575},
  year    = {2020}
}

%% Machine learning for glacier monitoring in the Hindu Kush Himalaya
@article{baraka2020machine,
  title   = {Machine learning for glacier monitoring in the Hindu Kush Himalaya},
  author  = {Baraka, Shimaa and Akera, Benjamin and Aryal, Bibek and Sherpa, Tenzing and Shresta, Finu and Ortiz, Anthony and Sankaran, Kris and Ferres, Juan Lavista and Matin, Mir and Bengio, Yoshua},
  journal = {arXiv preprint arXiv:2012.05013},
  year    = {2020}
}

%% Machine-learning algorithms for mapping debris-covered glaciers: The Hunza Basin case study
@article{khan2020machine,
  title     = {Machine-learning algorithms for mapping debris-covered glaciers: The Hunza Basin case study},
  author    = {Khan, Aftab Ahmed and Jamil, Akhtar and Hussain, Dostdar and Taj, Murtaza and Jabeen, Gul and Malik, Muhammad Kamran},
  journal   = {Ieee Access},
  volume    = {8},
  pages     = {12725--12734},
  year      = {2020},
  publisher = {IEEE}
}

%% Machine-learning classification of debris-covered glaciers using a combination of Sentinel-1/-2 (SAR/optical), Landsat 8 (thermal) and digital elevation data
@article{alifu2020machine,
  title     = {Machine-learning classification of debris-covered glaciers using a combination of Sentinel-1/-2 (SAR/optical), Landsat 8 (thermal) and digital elevation data},
  author    = {Alifu, Haireti and Vuillaume, Jean-Francois and Johnson, Brian Alan and Hirabayashi, Yukiko},
  journal   = {Geomorphology},
  volume    = {369},
  pages     = {107365},
  year      = {2020},
  publisher = {Elsevier}
}

%% Mapping Glacier Changes Using Clustering Techniques on Cloud Computing Infrastructure
@article{ayma2019mapping,
  title   = {Mapping Glacier Changes Using Clustering Techniques on Cloud Computing Infrastructure},
  author  = {Ayma, V and Beltr{\'a}n, C and Happ, PN and Costa, GAOP and Feitosa, RQ},
  journal = {International Archives of the Photogrammetry, Remote Sensing \& Spatial Information Sciences},
  year    = {2019}
}

%% Mapping mountain glaciers using an improved U-Net model with cSE
@article{tian2022mapping,
  title     = {Mapping mountain glaciers using an improved U-Net model with cSE},
  author    = {Tian, Suzheng and Dong, Yusen and Feng, Ruyi and Liang, Dong and Wang, Lizhe},
  journal   = {International Journal of Digital Earth},
  volume    = {15},
  number    = {1},
  pages     = {463--477},
  year      = {2022},
  publisher = {Taylor \& Francis}
}

%% Novel machine learning method integrating ensemble learning and deep learning for mapping debris-covered glaciers
@article{lu2021novel,
  title     = {Novel machine learning method integrating ensemble learning and deep learning for mapping debris-covered glaciers},
  author    = {Lu, Yijie and Zhang, Zhen and Shangguan, Donghui and Yang, Junhua},
  journal   = {Remote Sensing},
  volume    = {13},
  number    = {13},
  pages     = {2595},
  year      = {2021},
  publisher = {MDPI}
}

%% Optical remote sensing for glacier monitoring with respect to different snow and ice types: A case study for the Southern Patagonian Icefield
@inproceedings{florath2021optical,
  title        = {Optical remote sensing for glacier monitoring with respect to different snow and ice types: A case study for the Southern Patagonian Icefield},
  author       = {Florath, Janine and Keller, Sina and Staub, Guido and Weinmann, Martin},
  booktitle    = {2021 11th Workshop on Hyperspectral Imaging and Signal Processing: Evolution in Remote Sensing (WHISPERS)},
  pages        = {1--5},
  year         = {2021},
  organization = {IEEE}
}

%% Pixelwise Distance Regression for Glacier Calving Front Detection and Segmentation
@article{davari2022pixelwise,
  title     = {Pixelwise Distance Regression for Glacier Calving Front Detection and Segmentation},
  author    = {Davari, Amirabbas and Baller, Christoph and Seehaus, Thorsten and Braun, Matthias and Maier, Andreas and Christlein, Vincent},
  journal   = {IEEE Transactions on Geoscience and Remote Sensing},
  volume    = {60},
  pages     = {1--10},
  year      = {2022},
  publisher = {IEEE}
}

%% Snow and glacial feature identification using Hyperion dataset and machine learning algorithms
@article{haq2021snow,
  title     = {Snow and glacial feature identification using Hyperion dataset and machine learning algorithms},
  author    = {Haq, Mohd Anul and Alshehri, Mohammed and Rahaman, Gazi and Ghosh, Abhijit and Baral, Prashant and Shekhar, Chander},
  journal   = {Arabian Journal of Geosciences},
  volume    = {14},
  pages     = {1--21},
  year      = {2021},
  publisher = {Springer}
}

%% Super-resolution for mapping the debris-covered glaciers, central Himalaya, India
@article{shukla2022super,
  title     = {Super-resolution for mapping the debris-covered glaciers, central Himalaya, India},
  author    = {Shukla, Aparna and Yousuf, Bisma and Bindal, Ankit and Arora, Manoj Kumar and Jasrotia, Avtar Singh},
  journal   = {Advances in Space Research},
  volume    = {69},
  number    = {8},
  pages     = {3019--3031},
  year      = {2022},
  publisher = {Elsevier}
}

%% The Potential of Sentinel-1A Data for Identification of Debris-Covered Alpine Glacier Based on Machine Learning Approach
@article{yao2022potential,
  title     = {The Potential of Sentinel-1A Data for Identification of Debris-Covered Alpine Glacier Based on Machine Learning Approach},
  author    = {Yao, Guohui and Zhou, Xiaobing and Ke, Changqing and Drolma, Lhakpa and Li, Haidong},
  journal   = {Remote Sensing},
  volume    = {14},
  number    = {9},
  pages     = {1980},
  year      = {2022},
  publisher = {MDPI}
}

%% Upward Expansion of Supra-Glacial Debris Cover in the Hunza Valley, Karakoram, During 1990 to 2019
@article{xie2020upward,
  title     = {Upward Expansion of Supra-Glacial Debris Cover in the Hunza Valley, Karakoram, During 1990 to 2019},
  author    = {Xie, Fuming and Liu, Shiyin and Wu, Kunpeng and Zhu, Yu and Gao, Yongpeng and Qi, Miaomiao and Duan, Shimei and Saifullah, Muhammad and Tahir, Adnan A},
  journal   = {Frontiers in Earth Science},
  volume    = {8},
  pages     = {308},
  year      = {2020},
  publisher = {Frontiers Media SA}
}

% Deep learning in remote sensing applications: A meta-analysis and review
@article{ma2019deep,
  title     = {Deep learning in remote sensing applications: A meta-analysis and review},
  author    = {Ma, Lei and Liu, Yu and Zhang, Xueliang and Ye, Yuanxin and Yin, Gaofei and Johnson, Brian Alan},
  journal   = {ISPRS journal of photogrammetry and remote sensing},
  volume    = {152},
  pages     = {166--177},
  year      = {2019},
  publisher = {Elsevier}
}

% Deep learning in environmental remote sensing: Achievements and challenges
@article{yuan2020deep,
  title     = {Deep learning in environmental remote sensing: Achievements and challenges},
  author    = {Yuan, Qiangqiang and Shen, Huanfeng and Li, Tongwen and Li, Zhiwei and Li, Shuwen and Jiang, Yun and Xu, Hongzhang and Tan, Weiwei and Yang, Qianqian and Wang, Jiwen and others},
  journal   = {Remote Sensing of Environment},
  volume    = {241},
  pages     = {111716},
  year      = {2020},
  publisher = {Elsevier}
}
%Systematic analysis of satellite image-based land cover classification techniques: literature review and challenges
@article{gavade2021systematic,
  title     = {Systematic analysis of satellite image-based land cover classification techniques: literature review and challenges},
  author    = {Gavade, Anil B and Rajpurohit, Vijay S},
  journal   = {International Journal of Computers and Applications},
  volume    = {43},
  number    = {6},
  pages     = {514--523},
  year      = {2021},
  publisher = {Taylor \& Francis}
}

% Object detection and image segmentation with deep learning on earth observation data: A review-part i: Evolution and recent trends
@article{hoeser2020object,
  title     = {Object detection and image segmentation with deep learning on earth observation data: A review-part i: Evolution and recent trends},
  author    = {Hoeser, Thorsten and Kuenzer, Claudia},
  journal   = {Remote Sensing},
  volume    = {12},
  number    = {10},
  pages     = {1667},
  year      = {2020},
  publisher = {MDPI}
}

% GIS for glaciers and glacial landforms
@incollection{bolch2017gis,
  title     = {GIS for glaciers and glacial landforms},
  author    = {Bolch, Tobias and Loibl, David},
  booktitle = {Gis Applications for Socio-Economics and Humanity},
  pages     = {112--139},
  year      = {2017},
  publisher = {Elsevier BV}
}

% Remote sensing of snow--a review of available methods
@article{dietz2012remote,
  title     = {Remote sensing of snow--a review of available methods},
  author    = {Dietz, Andreas Juergen and Kuenzer, Claudia and Gessner, Ursula and Dech, Stefan},
  journal   = {International Journal of Remote Sensing},
  volume    = {33},
  number    = {13},
  pages     = {4094--4134},
  year      = {2012},
  publisher = {Taylor \& Francis}
}

% Inventario de glaciares en Argentina: pol{\'e}micas p{\'u}blicas y disputas de sentido
@article{rojas2020inventario,
  title   = {Inventario de glaciares en Argentina: pol{\'e}micas p{\'u}blicas y disputas de sentido},
  author  = {Rojas, Facundo and Wagner, Lucrecia},
  journal = {Marina Miraglia y Ana Marcela Franca (comp), Paisaje y patrimonio: impresiones de la historia en el ambiente natural. Universidad Nacional de Quilmes, TESEO, Buenos Aires., Argentina},
  year    = {2020}
}

% Glacier inventory and recent glacier variations in the Andes of Chile, South America
@article{barcaza2017glacier,
  title     = {Glacier inventory and recent glacier variations in the Andes of Chile, South America},
  author    = {Barcaza, Gonzalo and Nussbaumer, Samuel U and Tapia, Guillermo and Vald{\'e}s, Javier and Garc{\'\i}a, Juan-Luis and Videla, Yohan and Albornoz, Amapola and Arias, V{\'\i}ctor},
  journal   = {Annals of Glaciology},
  volume    = {58},
  number    = {75pt2},
  pages     = {166--180},
  year      = {2017},
  publisher = {Cambridge University Press}
}

% Manual para la realizaci√≥n del Inventario Nacional de Glaciares
@book{castro2014manual,
  title     = {Manual para la realizaci{\'o}n del Inventario Nacional de Glaciares},
  author    = {IANIGLA},
  year      = {2014},
  publisher = {Instituto Argentino de Nivolog√≠a, Glaciolog√≠a y Ciencias Ambientales}
}

% Manual para la realizaci√≥n del Inventario Nacional de Glaciares
@book{ospina2022metodologia,
  title     = {Metodolog√≠a de la operaci√≥n estad√≠stica ‚Äú√Årea y Cambio de Cobertura Glaciar (Versi√≥n 1,0)},
  author    = {IDEAM},
  year      = {2022},
  publisher = {Instituto de Hidrolog√≠a, Meteorolog√≠a y Estudios Ambientales}
}

% Comparison of glacier change detection using pixel based and object based classification techniques
@inproceedings{muhammad2013comparison,
  title        = {Comparison of glacier change detection using pixel based and object based classification techniques},
  author       = {Muhammad, Sher and Gul, Chaman and Javed, Amir and Muneer, Javeria and Waqar, Mirza Muhammad},
  booktitle    = {2013 IEEE International Geoscience and Remote Sensing Symposium-IGARSS},
  pages        = {4118--4121},
  year         = {2013},
  organization = {IEEE}
}

% Normalized-difference snow index (NDSI)
@article{hall1995mapping,
  title   = {Mapping global snow cover using moderate resolution imaging spectroradiometer (MODIS) data},
  author  = {Hall, Dorothy K and Riggs, George A and Salomonson, Vincent V},
  journal = {Glaciological Data},
  pages   = {33},
  year    = {1995}
}

% Normalized-difference snow index (NDSI)
@article{hall2010normalized,
  title   = {Normalized-difference snow index (NDSI)},
  author  = {Hall, Dorothy K and Riggs, George A},
  journal = {Encyclopedia of snow, ice and glaciers},
  year    = {2010}
}

% A comparison of Normalised Difference Snow Index (NDSI) and Normalised Difference Principal Component Snow Index (NDPCSI) techniques in distinguishing snow from related land cover types
@article{sibandze2014comparison,
  title   = {A comparison of Normalised Difference Snow Index (NDSI) and Normalised Difference Principal Component Snow Index (NDPCSI) techniques in distinguishing snow from related land cover types},
  author  = {Sibandze, Phila and Mhangara, Paidamwoyo and Odindi, John and Kganyago, Mahlatse},
  journal = {South African Journal of Geomatics},
  volume  = {3},
  number  = {2},
  pages   = {197--209},
  year    = {2014}
}

% Quantifying the sensitivity of band ratio methods for clean glacier ice mapping
@article{singh2021quantifying,
  title     = {Quantifying the sensitivity of band ratio methods for clean glacier ice mapping},
  author    = {Singh, Dhanendra K and Thakur, Praveen K and Naithani, Bhanu Prasad and Kaushik, Suvrat},
  journal   = {Spatial Information Research},
  volume    = {29},
  pages     = {281--295},
  year      = {2021},
  publisher = {Springer}
}

@article{anderson2021causes,
  title     = {The causes of debris-covered glacier thinning: evidence for the importance of ice dynamics from Kennicott Glacier, Alaska},
  author    = {Anderson, Leif S and Armstrong, William H and Anderson, Robert S and Scherler, Dirk and Petersen, Eric},
  journal   = {Frontiers in Earth Science},
  volume    = {9},
  pages     = {680995},
  year      = {2021},
  publisher = {Frontiers Media SA}
}

@book{ideam2012glaciares,
  title     = {Glaciares de Colombia, m√°s que monta√±as con hielo},
  author    = {IDEAM},
  year      = {2012},
  pages     = {344},
  publisher = {Instituto de Hidrolog√≠a, Meteorolog√≠a y Estudios Ambientales}
}

@book{marczyk2010essentials,
  title     = {Essentials of research design and methodology},
  author    = {Marczyk, Geoffrey R and DeMatteo, David and Festinger, David},
  volume    = {2},
  year      = {2010},
  publisher = {John Wiley \& Sons}
}

@book{creswell2017research,
  title     = {Research design: Qualitative, quantitative, and mixed methods approaches},
  author    = {Creswell, John W and Creswell, J David},
  year      = {2017},
  publisher = {Sage publications}
}

@book{kothari2004research,
  title     = {Research methodology: Methods and techniques},
  author    = {Kothari, Chakravanti Rajagopalachari},
  year      = {2004},
  publisher = {New Age International}
}

@book{reserva2021,
  title     = {Reserva h√≠drica en los glaciares del Per√∫},
  author    = {{Autoridad Nacional del Agua}},
  year      = {2021},
  publisher = {Autoridad Nacional del Agua. √Årea de Evaluaci√≥n de Glaciares y Lagunas},
  pages     = {40},
  edition   = {1}
}

% Deep learning for vision systems.
@book{elgendy2020deep,
  title     = {Deep learning for vision systems},
  author    = {Elgendy, Mohamed},
  year      = {2020},
  publisher = {Simon and Schuster}
}

@book{tempfli2009principles,
  title     = {Principles of remote sensing: an introductory textbook},
  author    = {Tempfli, Klaus and Huurneman, GCe and Bakker, WHe and Janssen, Lucas LF and Feringa, WF and Gieske, ASM and Grabmaier, KA and Hecker, CA and Horn, JA and Kerle, N and others},
  year      = {2009},
  publisher = {International Institute for Geo-Information Science and Earth Observation}
}

@article{canada2007fundamentals,
  title   = {Fundamentals of remote sensing},
  author  = {{Canada Centre for Remote Sensing}},
  journal = {Resour. Pol.},
  volume  = {2},
  pages   = {65},
  year    = {2007}
}

@book{schowengerdt2006remote,
  title     = {Remote sensing: models and methods for image processing},
  author    = {Schowengerdt, Robert A},
  year      = {2006},
  publisher = {Elsevier}
}
@book{joseph2005fundamentals,
  title     = {Fundamentals of remote sensing},
  author    = {Joseph, George},
  year      = {2005},
  publisher = {Universities Press}
}

@book{emery2017introduction,
  title     = {Introduction to satellite remote sensing: atmosphere, ocean, land and cryosphere applications},
  author    = {Emery, William and Camps, Adriano},
  year      = {2017},
  publisher = {Elsevier}
}

@article{kattenborn2019convolutional,
  title     = {Convolutional Neural Networks enable efficient, accurate and fine-grained segmentation of plant species and communities from high-resolution UAV imagery},
  author    = {Kattenborn, Teja and Eichel, Jana and Fassnacht, Fabian Ewald},
  journal   = {Scientific reports},
  volume    = {9},
  number    = {1},
  pages     = {17656},
  year      = {2019},
  publisher = {Nature Publishing Group UK London}
}

@article{thanki2019glacier,
  title   = {Glacier mapping with object based image analysis method, case study of Mount Everest region},
  author  = {Thanki, D and Israni, D and Makwana, A},
  journal = {J. Kejuruter},
  volume  = {31},
  pages   = {215--220},
  year    = {2019}
}

@article{hu2022mapping,
  title     = {Mapping and Characterizing Rock Glaciers in the Arid West Kunlun of China},
  author    = {Hu, Yan and Liu, Lin and Huang, Lingcao and Zhao, Lin and Wu, Tonghua and Wang, Xiaowen and Cai, Jiaxin},
  journal   = {Authorea Preprints},
  year      = {2022},
  publisher = {Authorea}
}

@article{thomas2023integrated,
  author  = {Thomas, Daniel Jack and Robson, Benjamin Aubrey and Racoviteanu, Adina},
  title   = {An integrated deep learning and object-based image analysis approach for mapping debris-covered glaciers},
  journal = {Frontiers in Remote Sensing},
  volume  = {4},
  year    = {2023},
  url     = {https://www.frontiersin.org/articles/10.3389/frsen.2023.1161530},
  doi     = {10.3389/frsen.2023.1161530},
  issn    = {2673-6187}
}

@article{aryal2023boundary,
  title   = {Boundary Aware U-Net for Glacier Segmentation},
  author  = {Aryal, Bibek and Miles, Katie E and Zesati, Sergio A Vargas and Fuentes, Olac},
  journal = {arXiv preprint arXiv:2301.11454},
  year    = {2023}
}

@article{chu2022glacier,
  title     = {Glacier extraction based on high-spatial-resolution remote-sensing images using a deep-learning approach with attention mechanism},
  author    = {Chu, Xinde and Yao, Xiaojun and Duan, Hongyu and Chen, Cong and Li, Jing and Pang, Wenlong},
  journal   = {The Cryosphere},
  volume    = {16},
  number    = {10},
  pages     = {4273--4289},
  year      = {2022},
  publisher = {Copernicus GmbH}
}

@article{chen2022long,
  title     = {Long time-series glacier outlines in the three-rivers headwater region from 1986 to 2021 based on deep learning},
  author    = {Chen, Longfei and Zhang, Wanchang and Yi, Yaning and Zhang, Zhijie and Chao, Shijun},
  journal   = {IEEE Journal of Selected Topics in Applied Earth Observations and Remote Sensing},
  volume    = {15},
  pages     = {5734--5752},
  year      = {2022},
  publisher = {IEEE}
}

@article{erharter2022machine,
  title     = {Machine learning--An approach for consistent rock glacier mapping and inventorying--Example of Austria},
  author    = {Erharter, Georg H and Wagner, Thomas and Winkler, Gerfried and Marcher, Thomas},
  journal   = {Applied Computing and Geosciences},
  volume    = {16},
  pages     = {100093},
  year      = {2022},
  publisher = {Elsevier}
}

@article{panwar2022classification,
  title     = {Classification of glacier with supervised approaches using PolSAR data},
  author    = {Panwar, Ruby and Singh, Gulab},
  journal   = {Environmental Monitoring and Assessment},
  volume    = {195},
  number    = {1},
  pages     = {58},
  year      = {2022},
  publisher = {Springer}
}

@article{yang2023delineation,
  title     = {Delineation Evaluation and Variation of Debris-Covered Glaciers Based on the Multi-Source Remote Sensing Images, Take Glaciers in the Eastern Tomur Peak Region for Example},
  author    = {Yang, Shujing and Wang, Feiteng and Xie, Yida and Zhao, Weibo and Bai, Changbin and Liu, Jingwen and Xu, Chunhai},
  journal   = {Remote Sensing},
  volume    = {15},
  number    = {10},
  pages     = {2575},
  year      = {2023},
  publisher = {MDPI}
}

@article{xiao2023glacier,
  title     = {Glacier Retreating Analysis on the Southeastern Tibetan Plateau via Multisource Remote Sensing Data},
  author    = {Xiao, Yao and Ke, Chang-Qing and Cai, Yu and Shen, Xiaoyi and Wang, Zifei and Nourani, Vahid and Lhakpa, Drolma},
  journal   = {IEEE Journal of Selected Topics in Applied Earth Observations and Remote Sensing},
  volume    = {16},
  pages     = {2035--2049},
  year      = {2023},
  publisher = {IEEE}
}

@article{pandey2021integrated,
  title     = {Integrated approach for effective debris mapping in glacierized regions of Chandra River Basin, Western Himalayas, India},
  author    = {Pandey, Aayushi and Rai, Aman and Gupta, Sharad Kumar and Shukla, Dericks P and Dimri, AP},
  journal   = {Science of the Total Environment},
  volume    = {779},
  pages     = {146492},
  year      = {2021},
  publisher = {Elsevier}
}

@article{patel2019mapping,
  title     = {Mapping and monitoring of glacier areal changes using multispectral and elevation data: A case study over Chhota-Shigri glacier},
  author    = {Patel, Akansha and Prajapati, Richa and Dharpure, Jaydeo K and Mani, Sneh and Chauhan, Dhirendra},
  journal   = {Earth Science Informatics},
  volume    = {12},
  pages     = {489--499},
  year      = {2019},
  publisher = {Springer}
}

@article{marcer2020rock,
  title     = {Rock glaciers automatic mapping using optical imagery and convolutional neural networks},
  author    = {Marcer, Marco},
  journal   = {Permafrost and periglacial processes},
  volume    = {31},
  number    = {4},
  pages     = {561--566},
  year      = {2020},
  publisher = {Wiley Online Library}
}

@article{lin2022accurate,
  title     = {Accurate and automatic mapping of complex debris-covered glacier from remote sensing imagery using deep convolutional networks},
  author    = {Lin, Ruoshen and Mei, Gang and Xu, Nengxiong},
  journal   = {Geological Journal},
  volume    = {58},
  number    = {6},
  pages     = {2254--2267},
  year      = {2022},
  publisher = {Wiley Online Library}
}

@article{roberts2022changes,
  title     = {Changes over the Last 35 Years in Alaska‚Äôs Glaciated Landscape: A Novel Deep Learning Approach to Mapping Glaciers at Fine Temporal Granularity},
  author    = {Roberts-Pierel, Ben M and Kirchner, Peter B and Kilbride, John B and Kennedy, Robert E},
  journal   = {Remote Sensing},
  volume    = {14},
  number    = {18},
  pages     = {4582},
  year      = {2022},
  publisher = {MDPI}
}

@article{su142013485,
  author         = {Sood, Vishakha and Tiwari, Reet Kamal and Singh, Sartajvir and Kaur, Ravneet and Parida, Bikash Ranjan},
  title          = {Glacier Boundary Mapping Using Deep Learning Classification over Bara Shigri Glacier in Western Himalayas},
  journal        = {Sustainability},
  volume         = {14},
  year           = {2022},
  number         = {20},
  article-number = {13485},
  url            = {https://www.mdpi.com/2071-1050/14/20/13485},
  issn           = {2071-1050},
  doi            = {10.3390/su142013485}
}

@book{cuffey2010physics,
  title     = {The physics of glaciers},
  author    = {Cuffey, Kurt M and Paterson, William Stanley Bryce},
  year      = {2010},
  publisher = {Academic Press}
}

@article{griggs2002climate,
  title     = {Climate change 2001: the scientific basis. Contribution of working group I to the third assessment report of the intergovernmental panel on climate change},
  author    = {Griggs, David J and Noguer, Maria},
  journal   = {Weather},
  volume    = {57},
  number    = {8},
  pages     = {267--269},
  year      = {2002},
  publisher = {John Wiley \& Sons, Ltd. Chichester, UK}
}


@book{ermolin2015ambientes,
  title      = {Ambientes Glaciares y Periglaciares: Formaci√≥n y Desarrollo},
  isbn       = {978-987-33-7537-8},
  shorttitle = {Ambientes glaciares y periglaciares},
  author     = {Ermolin, Evgeniy and Silva Busso, Adri{\'a}n and Glazovskiy, Andrey and others},
  date       = {2015-01-01},
  year       = {2015},
  publisher  = {Buenos Aires: Green Cross},
  keywords   = {Glaciares}
}

@article{francou2004tropical,
  title     = {Tropical climate change recorded by a glacier in the central Andes during the last decades of the twentieth century: Chacaltaya, Bolivia, 16 S},
  author    = {Francou, Bernard and Vuille, Mathias and Wagnon, Patrick and Mendoza, Javier and Sicart, Jean-Emmanuel},
  journal   = {Journal of Geophysical Research: Atmospheres},
  volume    = {108},
  number    = {D5},
  year      = {2004},
  publisher = {Wiley Online Library}
}

@article{lechner2020applications,
  title     = {Applications in remote sensing to forest ecology and management},
  author    = {Lechner, Alex M and Foody, Giles M and Boyd, Doreen S},
  journal   = {One Earth},
  volume    = {2},
  number    = {5},
  pages     = {405--412},
  year      = {2020},
  publisher = {Elsevier}
}

@inproceedings{yamazaki2016remote,
  title     = {Remote sensing technologies for post-earthquake damage assessment: A case study on the 2016 Kumamoto earthquake},
  author    = {Yamazaki, Fumio and Liu, Wen},
  booktitle = {6th Asia Conf. on Earthquake Engg},
  year      = {2016}
}

@article{mehta2018single,
  title     = {Single-cell analysis using hyperspectral imaging modalities},
  author    = {Mehta, Nishir and Shaik, Shahensha and Devireddy, Ram and Gartia, Manas Ranjan},
  journal   = {Journal of biomechanical engineering},
  volume    = {140},
  number    = {2},
  pages     = {020802},
  year      = {2018},
  publisher = {American Society of Mechanical Engineers}
}

@article{song2020validation,
  title     = {Validation of space-based albedo products from upscaled tower-based measurements over heterogeneous and homogeneous landscapes},
  author    = {Song, Rui and Muller, Jan-Peter and Kharbouche, Said and Yin, Feng and Woodgate, William and Kitchen, Mark and Roland, Marilyn and Arriga, Nicola and Meyer, Wayne and Koerber, Georgia and others},
  journal   = {Remote Sensing},
  volume    = {12},
  number    = {5},
  pages     = {833},
  year      = {2020},
  publisher = {MDPI}
}

@misc{sentinel2,
  title    = {Sentinel-2 {MSI} {User} {Guide}},
  url      = {https://copernicus.eu/user-guides/sentinel-2-msi},
  language = {en-US},
  urldate  = {2023-09-25},
  journal  = {Sentinel Online},
  year     = {2016},
  author   = {{European Space Agency (ESA)}},
  file     = {Snapshot:C\:\\Users\\William\\Zotero\\storage\\K8Y8W5ZN\\sentinel-2-msi.html:text/html}
}

@article{rodriguez2014correccion,
  title   = {Correcci{\'o}n atmosf{\'e}rica de im{\'a}genes de sat{\'e}lite por m{\'e}todos de aprendizaje autom{\'a}tico},
  author  = {Rodr{\'\i}guez Mart{\'\i}n, Javier and others},
  year    = {2014},
  journal = {Universidad de Valladolid}
}

@article{bravo2017teledeteccion,
  title   = {Teledetecci{\'o}n espacial Landsat, sentinel2, aster l1t y modis},
  author  = {Bravo, N},
  journal = {Facultad de Recursos Naturales Renovables. Universidad Nacional Agraria de la Selva},
  year    = {2017}
}

@article{gao1996ndwi,
  title     = {NDWI‚ÄîA normalized difference water index for remote sensing of vegetation liquid water from space},
  author    = {Gao, Bo-Cai},
  journal   = {Remote sensing of environment},
  volume    = {58},
  number    = {3},
  pages     = {257--266},
  year      = {1996},
  publisher = {Elsevier}
}

@article{dozier1989spectral,
  title     = {Spectral signature of alpine snow cover from the Landsat Thematic Mapper},
  author    = {Dozier, Jeff},
  journal   = {Remote sensing of environment},
  volume    = {28},
  pages     = {9--22},
  year      = {1989},
  publisher = {Elsevier}
}

@article{rouse1974monitoring,
  title   = {Monitoring vegetation systems in the Great Plains with ERTS},
  author  = {Rouse, John Wilson and Haas, R{\"u}diger H and Schell, John A and Deering, Donald W and others},
  journal = {NASA Spec. Publ},
  volume  = {351},
  number  = {1},
  pages   = {309},
  year    = {1974}
}

@book{jensen2016introductory,
  title     = {Introductory Digital Image Processing: A Remote Sensing Perspective},
  author    = {Jensen, J.R.},
  isbn      = {9780134058160},
  lccn      = {2015007022},
  series    = {Always Learning},
  url       = {https://books.google.com.pe/books?id=IWvDrQEACAAJ},
  year      = {2016},
  publisher = {Pearson Education, Incorporated}
}

@techreport{young2017land,
  title       = {Land change monitoring, assessment, and projection (LCMAP) revolutionizes land cover and land change research},
  author      = {Young, Steven},
  year        = {2017},
  institution = {US Geological Survey},
  address     = {Reston, VA}
}

@article{williams2006landsat,
  title     = {Landsat},
  author    = {Williams, Darrel L and Goward, Samuel and Arvidson, Terry},
  journal   = {Photogrammetric Engineering \& Remote Sensing},
  volume    = {72},
  number    = {10},
  pages     = {1171--1178},
  year      = {2006},
  publisher = {American Society for Photogrammetry and Remote Sensing}
}

@article{loveland2016landsat,
  title     = {Landsat 8: The plans, the reality, and the legacy},
  author    = {Loveland, Thomas R and Irons, James R},
  journal   = {Remote Sensing of Environment},
  volume    = {185},
  pages     = {1--6},
  year      = {2016},
  publisher = {Elsevier}
}


@misc{landsat,
  title    = {Landsat 8},
  url      = {https://www.usgs.gov/landsat-missions/landsat-8},
  language = {en-US},
  urldate  = {2023-09-25},
  journal  = {U.S. Geological Survey},
  year     = {2022},
  author   = {{U.S. Geological Survey}}
}

@article{ariza2013descripcion,
  title   = {Descripci{\'o}n y Correcci{\'o}n de Productos Landsat 8 LDCM (Landsat Data Continuity Mission)},
  author  = {Ariza, Alexander},
  journal = {Bogot{\'a}: Instituto Geogr{\'a}fico Agust{\'\i}n Codazzi},
  year    = {2013}
}

@book{lillesand2015remote,
  title     = {Remote sensing and image interpretation},
  author    = {Lillesand, Thomas and Kiefer, Ralph W and Chipman, Jonathan},
  year      = {2015},
  publisher = {John Wiley \& Sons}
}

@book{navarro2011introduccion,
  title     = {Introducci{\'o}n a los sistemas de informaci{\'o}n geogr{\'a}fica y geotelem{\'a}tica},
  author    = {Navarro, Antoni P{\'e}rez},
  volume    = {173},
  year      = {2011},
  publisher = {Editorial UOC}
}

@article{dana1999global,
  title   = {Global positioning system overview: The geographer's craft project},
  author  = {Dana, P},
  journal = {Colorado: University of Colorado},
  year    = {1999}
}

@book{patterson2017deep,
  title     = {Deep learning: A practitioner's approach},
  author    = {Patterson, Josh and Gibson, Adam},
  year      = {2017},
  publisher = {O'Reilly Media, Inc.}
}

@book{rashid2016make,
  title     = {Make your own neural network},
  author    = {Rashid, Tariq},
  volume    = {29},
  year      = {2016},
  publisher = {CreateSpace Independent Publishing Platform North Charleston, SC, USA}
}

@article{aghdam2017guide,
  title     = {Guide to convolutional neural networks},
  author    = {Aghdam, Hamed Habibi and Heravi, Elnaz Jahani and others},
  journal   = {New York, NY: Springer},
  volume    = {10},
  number    = {978-973},
  pages     = {51},
  year      = {2017},
  publisher = {Springer}
}

@article{castaneda2019evaluation,
  title     = {Evaluation of maxout activations in deep learning across several big data domains},
  author    = {Castaneda, Gabriel and Morris, Paul and Khoshgoftaar, Taghi M},
  journal   = {Journal of Big Data},
  volume    = {6},
  pages     = {1--35},
  year      = {2019},
  publisher = {Springer}
}

@book{goodfellow2016deep,
  title     = {Deep learning},
  author    = {Goodfellow, Ian and Bengio, Yoshua and Courville, Aaron},
  year      = {2016},
  publisher = {MIT press}
}


@article{xu2015empirical,
  title   = {Empirical evaluation of rectified activations in convolutional network},
  author  = {Xu, Bing and Wang, Naiyan and Chen, Tianqi and Li, Mu},
  journal = {arXiv preprint arXiv:1505.00853},
  year    = {2015}
}


@inproceedings{goodfellow2014generative,
  title     = {Generative adversarial nets},
  author    = {Goodfellow, Ian and Pouget-Abadie, Jean and Mirza, Mehdi and Xu, Bing and Warde-Farley, David and Ozair, Sherjil and Courville, Aaron and Bengio, Yoshua},
  booktitle = {Advances in neural information processing systems},
  pages     = {2672--2680},
  year      = {2014}
}

@book{jiang2018deep,
  title     = {Deep Learning in Object Detection and Recognition},
  author    = {Jiang, Xiaoyue and Hadid, Abdenour and Pang, Yanwei and Granger, Eric and Feng, Xiaoyi},
  year      = {2018},
  publisher = {Springer}
}

@book{geron2019hands,
  title     = {Hands-On Machine Learning with Scikit-Learn, Keras, and TensorFlow: Concepts, Tools, and Techniques to Build Intelligent Systems},
  author    = {G{\'e}ron, Aur{\'e}lien},
  year      = {2019},
  publisher = {O'Reilly Media}
}

@book{sewak2018practical,
  title     = {Practical Convolutional Neural Networks: Implement advanced deep learning models using Python},
  author    = {Sewak, Mohit and Karim, Md Rezaul and Pujari, Pradeep},
  year      = {2018},
  publisher = {Packt Publishing Ltd}
}

@book{michelucci2019advanced,
  title     = {Advanced applied deep learning: convolutional neural networks and object detection},
  author    = {Michelucci, Umberto},
  year      = {2019},
  publisher = {Springer}
}

@inproceedings{scherer2010evaluation,
  title        = {Evaluation of pooling operations in convolutional architectures for object recognition},
  author       = {Scherer, Dominik and M{\"u}ller, Andreas and Behnke, Sven},
  booktitle    = {International conference on artificial neural networks},
  pages        = {92--101},
  year         = {2010},
  organization = {Springer}
}

@article{zeiler2013stochastic,
  title   = {Stochastic pooling for regularization of deep convolutional neural networks},
  author  = {Zeiler, Matthew D and Fergus, Rob},
  journal = {arXiv preprint arXiv:1301.3557},
  year    = {2013}
}

@article{arjovsky2017wasserstein,
  title   = {Wasserstein gan},
  author  = {Arjovsky, Martin and Chintala, Soumith and Bottou, L{\'e}on},
  journal = {arXiv preprint arXiv:1701.07875},
  year    = {2017}
}

@article{lecun1998gradient,
  title     = {Gradient-based learning applied to document recognition},
  author    = {LeCun, Yann and Bottou, L{\'e}on and Bengio, Yoshua and Haffner, Patrick},
  journal   = {Proceedings of the IEEE},
  volume    = {86},
  number    = {11},
  pages     = {2278--2324},
  year      = {1998},
  publisher = {Ieee}
}

@article{krizhevsky2012imagenet,
  title   = {Imagenet classification with deep convolutional neural networks},
  author  = {Krizhevsky, Alex and Sutskever, Ilya and Hinton, Geoffrey E},
  journal = {Advances in neural information processing systems},
  volume  = {25},
  year    = {2012}
}

@article{alom2018history,
  title   = {The history began from alexnet: A comprehensive survey on deep learning approaches},
  author  = {Alom, Md Zahangir and Taha, Tarek M and Yakopcic, Christopher and Westberg, Stefan and Sidike, Paheding and Nasrin, Mst Shamima and Van Esesn, Brian C and Awwal, Abdul A S and Asari, Vijayan K},
  journal = {arXiv preprint arXiv:1803.01164},
  year    = {2018}
}